%% This BibTeX bibliography file was created using BibDesk.
%% http://bibdesk.sourceforge.net/


%% Created for Han XIAO at 2015-07-22 11:58:44 +0800


%% Saved with string encoding Unicode (UTF-8)


@article{ChenChen,
		Author = {Chen, Qin and Chen, Xujin and Zang, Wenan},
		Fjournal = {Mathematics of Operations Research},
		Journal = {Math. Oper. Res.},
		Title = {A polyhedral description of kernels},
		Volume = {to appear}}

@article{AbelRoth94,
	Author = {Abeledo, Hern{\'a}n G. and Rothblum, Uriel G.},
	Coden = {DAMADU},
	Doi = {10.1016/0166-218X(94)90130-9},
	Fjournal = {Discrete Applied Mathematics. The Journal of Combinatorial Algorithms, Informatics and Computational Sciences},
	Issn = {0166-218X},
	Journal = {Discrete Appl. Math.},
	Mrclass = {90C35 (05C70)},
	Mrnumber = {1293380 (95f:90075)},
	Mrreviewer = {Mechthild Opperud},
	Number = {1},
	Pages = {1--27},
	Title = {Stable matchings and linear inequalities},
	Url = {http://dx.doi.org/10.1016/0166-218X(94)90130-9},
	Volume = {54},
	Year = {1994},
	Bdsk-Url-1 = {http://dx.doi.org/10.1016/0166-218X(94)90130-9}}

@article{BoroKost98,
	Author = {Borodin, O. V. and Kostochka, A. V. and Woodall, D. R.},
	Coden = {DSMHA4},
	Date-Modified = {2015-07-16 13:53:32 +0000},
	Doi = {10.1016/S0012-365X(98)00091-0},
	Fjournal = {Discrete Mathematics},
	Issn = {0012-365X},
	Journal = {Discrete Math.},
	Mrclass = {05C20},
	Mrnumber = {1644870 (99f:05043)},
	Number = {1-3},
	Pages = {45--49},
	Title = {On kernel-perfect orientations of line graphs},
	Url = {http://dx.doi.org/10.1016/S0012-365X(98)00091-0},
	Volume = {191},
	Year = {1998},
	Bdsk-Url-1 = {http://dx.doi.org/10.1016/S0012-365X(98)00091-0}}

@article{ChenDing12,
	Author = {Chen, Xujin and Ding, Guoli and Hu, Xiaodong and Zang, Wenan},
	Coden = {SJDMEC},
	Doi = {10.1137/120864866},
	Fjournal = {SIAM Journal on Discrete Mathematics},
	Issn = {0895-4801},
	Journal = {SIAM J. Discrete Math.},
	Mrclass = {90C57 (05C70)},
	Mrnumber = {3022142},
	Mrreviewer = {Fatiha Bendali},
	Number = {3},
	Pages = {1346--1360},
	Title = {The maximum-weight stable matching problem: duality and efficiency},
	Url = {http://dx.doi.org/10.1137/120864866},
	Volume = {26},
	Year = {2012},
	Bdsk-Url-1 = {http://dx.doi.org/10.1137/120864866}}

@article{Maff92,
	Author = {Maffray, Fr{\'e}d{\'e}ric},
	Coden = {JCBTB8},
	Doi = {10.1016/0095-8956(92)90028-V},
	Fjournal = {Journal of Combinatorial Theory. Series B},
	Issn = {0095-8956},
	Journal = {J. Combin. Theory Ser. B},
	Mrclass = {05C15},
	Mrnumber = {1159851 (93i:05061)},
	Mrreviewer = {Claudia Villela},
	Number = {1},
	Pages = {1--8},
	Title = {Kernels in perfect line-graphs},
	Url = {http://dx.doi.org/10.1016/0095-8956(92)90028-V},
	Volume = {55},
	Year = {1992},
	Bdsk-Url-1 = {http://dx.doi.org/10.1016/0095-8956(92)90028-V}}

@article{Roth92,
	Author = {Rothblum, Uriel G.},
	Coden = {MHPGA4},
	Doi = {10.1007/BF01586041},
	Fjournal = {Mathematical Programming},
	Issn = {0025-5610},
	Journal = {Math. Programming},
	Mrclass = {90C27 (90D46)},
	Mrnumber = {1158813 (93c:90065)},
	Mrreviewer = {Olivia M. Carducci},
	Number = {1, Ser. A},
	Pages = {57--67},
	Title = {Characterization of stable matchings as extreme points of a polytope},
	Url = {http://dx.doi.org/10.1007/BF01586041},
	Volume = {54},
	Year = {1992},
	Bdsk-Url-1 = {http://dx.doi.org/10.1007/BF01586041}}

@article{KiraPap08,
	Author = {Kir{\'a}ly, Tam{\'a}s and Pap, J{\'u}lia},
	Doi = {10.1287/moor.1070.0286},
	Fjournal = {Mathematics of Operations Research},
	Issn = {0364-765X},
	Journal = {Math. Oper. Res.},
	Mrclass = {91B68 (05D15 90C27)},
	Mrnumber = {2415992 (2009d:91150)},
	Number = {2},
	Pages = {283--290},
	Title = {Total dual integrality of {R}othblum's description of the stable-marriage polyhedron},
	Url = {http://dx.doi.org/10.1287/moor.1070.0286},
	Volume = {33},
	Year = {2008},
	Bdsk-Url-1 = {http://dx.doi.org/10.1287/moor.1070.0286}}

@article{EdmoGile77,
	Author = {Edmonds, Jack and Giles, Rick},
	Journal = {Ann. of Discrete Math.},
	Mrclass = {05C20 (90C05)},
	Mrnumber = {0460169 (57 \#165)},
	Mrreviewer = {D. H. Younger},
	Pages = {185--204},
	Publisher = {North-Holland, Amsterdam},
	Title = {A min-max relation for submodular functions on graphs},
	Volume = {1},
	Year = {1977}}

@book{Schr86,
	Author = {Schrijver, Alexander},
	Date-Modified = {2015-07-16 13:52:46 +0000},
	Isbn = {0-471-90854-1},
	Mrclass = {90C05 (90C10)},
	Mrnumber = {874114 (88m:90090)},
	Pages = {xii+471},
	Publisher = {John Wiley \& Sons},
	Series = {Wiley-Interscience Series in Discrete Mathematics},
	Title = {Theory of Linear and Integer Programming},
	Year = {1986}}

@webpage{Egres,
	Date-Added = {2015-06-14 04:16:34 +0000},
	Date-Modified = {2015-06-14 04:35:45 +0000},
	Title = {\emph{Egres Open. Available from} {http://lemon.cs.elte.hu/egres/open}.},
	Url = {http://lemon.cs.elte.hu/egres/open},
	Bdsk-Url-1 = {http://lemon.cs.elte.hu/egres/open}}
